<?xml version="1.0" encoding="UTF-8"?><collection xmlns="http://www.loc.gov/MARC21/slim"><record><leader>00311nam--2200121-i-4500</leader><controlfield tag="001">000043024</controlfield><controlfield tag="002">20161230</controlfield><controlfield tag="005">20161230201043</controlfield><controlfield tag="008">060222s1000------------r-----000-0-eng-d</controlfield><datafield ind1=" " ind2=" " tag="100"><subfield code="a">Stokley,James</subfield></datafield><datafield ind1=" " ind2=" " tag="245"><subfield code="a">The new world of the atom</subfield></datafield><datafield ind1=" " ind2=" " tag="260"><subfield code="a">New York, I.Washburn, 1957. Xvi + 288 P. + 8 Foi Pl</subfield></datafield><datafield ind1=" " ind2=" " tag="852"><subfield code="a">13142</subfield></datafield></record></collection>